<?xml version="1.0" encoding="UTF-8"?><collection xmlns="http://www.loc.gov/MARC21/slim"><record><leader>00335nam--2200133-i-4500</leader><controlfield tag="001">000036754</controlfield><controlfield tag="002">20161230</controlfield><controlfield tag="005">20161230201041</controlfield><controlfield tag="008">060222s1000------------r-----000-0-eng-d</controlfield><datafield ind1=" " ind2=" " tag="080"><subfield code="a">615:543.51</subfield></datafield><datafield ind1=" " ind2=" " tag="100"><subfield code="a">Poethke, Walter</subfield></datafield><datafield ind1=" " ind2=" " tag="245"><subfield code="a">Praktikum der massanalyse</subfield></datafield><datafield ind1=" " ind2=" " tag="260"><subfield code="a">Dresden, Verlag Theodor Steinkopff, 1973, 430p</subfield></datafield><datafield ind1=" " ind2=" " tag="852"><subfield code="a">42299</subfield></datafield></record></collection>